<?xml version="1.0" encoding="UTF-8"?><record xmlns="http://www.loc.gov/MARC21/slim" xmlns:cinclude="http://apache.org/cocoon/include/1.0" xmlns:zs="http://www.loc.gov/zing/srw/">
  <leader>00374cz  a2200145n  4500</leader>
  <controlfield tag="001">no 98065996 </controlfield>
  <controlfield tag="003">DLC</controlfield>
  <controlfield tag="008">980217n| acannaabn          |a aaa     c</controlfield>
  <controlfield tag="005">19991016071932.0</controlfield>
  <datafield tag="010" ind1=" " ind2=" ">
    <subfield code="a">no 98065996 </subfield>
  </datafield>
  <datafield tag="035" ind1=" " ind2=" ">
    <subfield code="a">(OCoLC)oca04661724</subfield>
  </datafield>
  <datafield tag="040" ind1=" " ind2=" ">
    <subfield code="a">ICRL</subfield>
    <subfield code="c">ICRL</subfield>
    <subfield code="d">OrU</subfield>
  </datafield>
  <datafield tag="100" ind1="0" ind2=" ">
    <subfield code="a">Demosthenes.</subfield>
    <subfield code="t">Works.</subfield>
    <subfield code="l">Russian.</subfield>
    <subfield code="f">1994</subfield>
  </datafield>
  <datafield tag="400" ind1="0" ind2=" ">
    <subfield code="a">Demosthenes.</subfield>
    <subfield code="t">Rechi.</subfield>
    <subfield code="f">1994</subfield>
  </datafield>
  <datafield tag="670" ind1=" " ind2=" ">
    <subfield code="a">His Rechi, 1994-</subfield>
  </datafield>
</record>